<?xml version="1.0" encoding="UTF-8"?><collection><record><leader>06093ntm a2200565 a 4500</leader><controlfield tag="001">006835325</controlfield><controlfield tag="003">MiAaHDL</controlfield><controlfield tag="005">20190719000000.0</controlfield><controlfield tag="006">m        d        </controlfield><controlfield tag="007">cr bn ---auaua</controlfield><controlfield tag="008">090707s1661    ir            00| ||ara d</controlfield><datafield tag="035" ind1=" " ind2=" "><subfield code="a">(MiU)006835325</subfield></datafield><datafield tag="035" ind1=" " ind2=" "><subfield code="a">sdr-miu006835325</subfield></datafield><datafield tag="040" ind1=" " ind2=" "><subfield code="a">MiU</subfield><subfield code="c">MiU</subfield><subfield code="e">amremm</subfield></datafield><datafield tag="043" ind1=" " ind2=" "><subfield code="a">n-us-mi</subfield></datafield><datafield tag="100" ind1="1" ind2=" "><subfield code="6">880-01</subfield><subfield code="a">Abū Jaʻfar al-Qummī, Muḥammad ibn al-Ḥasan,</subfield><subfield code="d">-902 or 903.</subfield></datafield><datafield tag="245" ind1="1" ind2="0"><subfield code="6">880-02</subfield><subfield code="a">Baṣāʼir al-darajāt,</subfield><subfield code="f">[1072, i.e. 1661].</subfield></datafield><datafield tag="246" ind1="3" ind2=" "><subfield code="6">880-03</subfield><subfield code="a">Baṣāʼir al-darajāt fī ʻulūm āl Muḥammad</subfield></datafield><datafield tag="260" ind1=" " ind2=" "><subfield code="a">[Isfahan?,</subfield><subfield code="c">1661].</subfield></datafield><datafield tag="300" ind1=" " ind2=" "><subfield code="a">210 leaves :</subfield><subfield code="b">paper ;</subfield><subfield code="c">170 x 114 (120 x 65) mm. bound to 180 x 124 mm.</subfield></datafield><datafield tag="500" ind1=" " ind2=" "><subfield code="a">Shelfmark: Ann Arbor, University of Michigan, Special Collections Library, Isl. Ms. 1036</subfield></datafield><datafield tag="500" ind1=" " ind2=" "><subfield code="a">Origin: As appears in final colophon on fol.210a, copied by Faḍīl ibn Jalāl al-Dīn Nāʼīnī (see colophon at the close of juzʼ II for his full name "فضيل بن جلال الدين بن ابن حاجى محمد طاهر ابن خواجه احمد ولد سلغور شاه ولد عماده شاه ولد سلغور شاه نائينى"). Transcription finished ("tamma kitāb Baṣāʼir al-darajāt...) 1 Rabīʻ II 1072 [ca. 24 November 1661]. According to colophon following juzʼ III on fol.173a (p.345), copied in a school in the quarter / district (محله) of al-Karrān (perhaps in Isfahan).</subfield></datafield><datafield tag="500" ind1=" " ind2=" "><subfield code="a">Former shelfmark: Mich. Isl. Ms. temp. no. 185</subfield></datafield><datafield tag="500" ind1=" " ind2=" "><subfield code="a">Binding: Pasteboards faced in blue-green paper with red goatskin over spine and board corners (half-bound); Type III (without flap); pastedowns and flyleaves in what appears to be European wove paper with an embossed mark in French cursive italic script "Super Cour d'Auvergne. TSL[?]"; very worn, upper cover detached from text block, entire case detaching from textblock at spine; poor condition.</subfield></datafield><datafield tag="500" ind1=" " ind2=" "><subfield code="a">Support: non-European (likely Persian) laid paper with laid lines running horizontally and spaced roughly 8 laid lines per cm., no chain lines visible plainly enough for measuring; many inclusions; flyleaves and pastedowns in a European wove paper with impressed mark in French cursive italic script "Super Cour d'Auvergne. TSL[?]".</subfield></datafield><datafield tag="500" ind1=" " ind2=" "><subfield code="a">Decoration: Section headings rubricated ; overlinings and occasional textual dividers in the form of numeral khamsah in red.</subfield></datafield><datafield tag="500" ind1=" " ind2=" "><subfield code="a">Script: Naskh ; fine, neat Persianate hand; essentially serifless (though occasionally serif on alif of lām alif ligature), point of final and free-standing nūn set down within wide, angled bowl (reminiscent of nastaʻlīq), pointing in distinct dots, curvilinear descenders, superscripting of final letters and words.</subfield></datafield><datafield tag="500" ind1=" " ind2=" "><subfield code="a">Layout: Written in 14 lines per page; frame-ruled (impression of ruling board evident).</subfield></datafield><datafield tag="500" ind1=" " ind2=" "><subfield code="a">Collation: i, 25 IV (200), IV+2 (210), i; chiefly quaternions; catchwords present; leaves between each of the four ajzāʼ left partially blank and unmarked, but with no apparent loss of text; pagination in pencil, Western numerals (supplied in cataloguing).</subfield></datafield><datafield tag="500" ind1=" " ind2=" "><subfield code="a">Colophon: [final] "Scribal," triangular, reads: "تم كتاب بصائر الدرجات بحمد الله وعونه وحسن توفيقه والحمد لله وحده [؟] والصلوة على من لا نبي بعده وذلك في غرة شهر ربيع الثاني سنة اثنان وسبعين والف وكتبه العبد الاذل المحتاج الى رحمة الله الغني ابن جلال الدين اكبر فضيل نائيني عفي عنهما" ; flanked by scribal verses in Persian, reading: "اي انكه ته اطالع مسعود بود دانى كه مرا از توچه مقصود بود يك فاتحه ازبهر نويسنده بخوان تاعاقبت كار تو محمود بود ان شاء الله" and duʻāʼ in Arabic, reading: "اللهم اغفر وارحم لكاتبه ولصاحبه برحمتك يا ارحم الراحمين"</subfield></datafield><datafield tag="500" ind1=" " ind2=" "><subfield code="a">Explicit: "قال قلت للرضا ان قوما من مواليك سالوني في ان تدعو الله لهم فقال والله اني لاعرض اعمالهم على الله في كل يوم"</subfield></datafield><datafield tag="500" ind1=" " ind2=" "><subfield code="a">Incipit: "باب في العلم ان طلبه فريضة على الناس محمد بن الحسن المعروف بمموله عن ابراهيم بن هاشم عن الحسن بن محبوب يزيد بن علي بن الحسين عن ابيه عن ابي عبد الله عليه السلام قال قال رسول الله صلى الله عليه واله طلبه العلم فريضة على كل مسلم الا وان الله يحب بغاة العلم"</subfield></datafield><datafield tag="500" ind1=" " ind2=" "><subfield code="a">Title from final colophon on fol.210a.</subfield></datafield><datafield tag="500" ind1=" " ind2=" "><subfield code="a">Ms. codex.</subfield></datafield><datafield tag="510" ind1="4" ind2=" "><subfield code="a">Brockelmann, C. GAL,</subfield><subfield code="c">I 187 ; SI 319</subfield></datafield><datafield tag="520" ind1="8" ind2=" "><subfield code="a">Collection of Traditions on the characteristics of the Ithná ʻasharī Shīʻī Imams by Abū Jaʻfar Muḥammad ibn al-Ḥasan al-Ṣaffār (d.902 or 3), divided into four ajzāʼ (juzʼ 1 through juzʼ 4) with a colophon following each.</subfield></datafield><datafield tag="538" ind1=" " ind2=" "><subfield code="a">Mode of access: Internet.</subfield></datafield><datafield tag="541" ind1=" " ind2=" "><subfield code="c">Purchase;</subfield><subfield code="a">Purchased in Egypt by Mr. Sulaiman;</subfield><subfield code="d">Received: 10/17/1968;</subfield><subfield code="e">(Sulaiman 690713-156)</subfield></datafield><datafield tag="546" ind1=" " ind2=" "><subfield code="a">Arabic.</subfield></datafield><datafield tag="561" ind1=" " ind2=" "><subfield code="a">Obliterated statement on fol.1a may be former owner's mark ; a few marginal corrections in hand of copyist.</subfield></datafield><datafield tag="650" ind1=" " ind2="0"><subfield code="a">Manuscripts, Arabic</subfield><subfield code="z">Michigan</subfield><subfield code="z">Ann Arbor.</subfield></datafield><datafield tag="650" ind1=" " ind2="0"><subfield code="a">Imamate</subfield><subfield code="v">Early works to 1800.</subfield></datafield><datafield tag="650" ind1=" " ind2="0"><subfield code="a">Hadith (Shiites)</subfield><subfield code="v">Early works to 1800.</subfield></datafield><datafield tag="650" ind1=" " ind2="0"><subfield code="a">Shīʻah</subfield><subfield code="v">Early works to 1800.</subfield></datafield><datafield tag="700" ind1="0" ind2=" "><subfield code="6">880-04</subfield><subfield code="a">Faḍīl ibn Jalāl al-Dīn Nāʼīnī,</subfield><subfield code="d">fl. 1661,</subfield><subfield code="e">scribe.</subfield></datafield><datafield tag="773" ind1="0" ind2=" "><subfield code="a">Sulaiman Purchase Collection.</subfield></datafield><datafield tag="880" ind1="0" ind2=" "><subfield code="6">700-04/</subfield><subfield code="a">فضيل بن جلال الدين نائيني,</subfield><subfield code="e">ناسخ.</subfield></datafield><datafield tag="880" ind1="3" ind2=" "><subfield code="6">246-03/</subfield><subfield code="a">بصائر الدرجات في علوم آل محمد</subfield></datafield><datafield tag="880" ind1="1" ind2="0"><subfield code="6">245-02/</subfield><subfield code="a">بصائر الدرجات,</subfield><subfield code="f">[1072ه, 1661م].</subfield></datafield><datafield tag="880" ind1="1" ind2=" "><subfield code="6">100-01/</subfield><subfield code="a">ابو جعفر القمي, محمد بن الحسن.</subfield></datafield><datafield tag="CID" ind1=" " ind2=" "><subfield code="a">006835325</subfield></datafield><datafield tag="DAT" ind1="0" ind2=" "><subfield code="a">20190719102641.0</subfield><subfield code="b">20190719000000.0</subfield></datafield><datafield tag="DAT" ind1="1" ind2=" "><subfield code="a">20190719090653.0</subfield><subfield code="b">2019-07-19T16:12:30Z</subfield></datafield><datafield tag="DAT" ind1="2" ind2=" "><subfield code="a">2015-10-10T18:00:06Z</subfield></datafield><datafield tag="CAT" ind1=" " ind2=" "><subfield code="a">SDR-MIU</subfield><subfield code="d">EX LIBRIS - ALEPH</subfield><subfield code="l">prepare.pl-004-008</subfield></datafield><datafield tag="FMT" ind1=" " ind2=" "><subfield code="a">BK</subfield></datafield><datafield tag="HOL" ind1=" " ind2=" "><subfield code="0">sdr-miu006835325</subfield><subfield code="a">MiU</subfield><subfield code="b">SDR</subfield><subfield code="c">MIU</subfield><subfield code="p">mdp.39015079132232</subfield><subfield code="s">MIU</subfield><subfield code="1">006835325</subfield></datafield><datafield tag="974" ind1=" " ind2=" "><subfield code="b">MIU</subfield><subfield code="c">MIU</subfield><subfield code="d">20190719</subfield><subfield code="s">lit-dlps-dc</subfield><subfield code="u">mdp.39015079132232</subfield><subfield code="y">1661</subfield><subfield code="r">pd</subfield><subfield code="q">bib</subfield><subfield code="t">non-US bib date1 &lt; 1896</subfield></datafield></record></collection>